@inproceedings{rousseau2013graph,
  title={Graph-of-word and TW-IDF: new approach to ad hoc IR},
  author={Rousseau, Fran{\c{c}}ois and Vazirgiannis, Michalis},
  booktitle={Proceedings of the 22nd ACM international conference on Conference on information \& knowledge management},
  pages={59--68},
  year={2013},
  organization={ACM}
}